@inproceedings{sharifi_summarizing_2010,
	title = {Summarizing {Microblogs} {Automatically}},
	isbn = {978-1-932432-65-7},
	author = {Sharifi, Beaux and Hutton, Mark-Anthony and Kalita, Jugal},
	year = {2010},
	pages = {685--688},
}

@inproceedings{kim_tweet_2014,
	title = {A {Tweet} {Summarization} {Method} {Based} on a {Keyword} {Graph}},
	isbn = {978-1-4503-2644-5},
	booktitle = {Proceedings of the 8th {International} {Conference} on {Ubiquitous} {Information} {Management} and {Communication}},
	author = {Kim, Tae-Yeon and Kim, Jaekwang and Lee, Jaedong and Lee, Jee-Hyong},
	year = {2014},
	pages = {96:1--96:8},
}
